@misc {Brookings,
   url = {https://www.brookings.edu/articles/building-skills-for-life-how-to-expand-and-improve-computer-science-education-around-the-world/},
   title = {BUILDING SKILLS FOR LIFE:
How to expand and improve computer science education around the world},
   year = {2021},
   author = {Vegas, Emiliana, et al.},
}

@misc {Cal,
   url = {https://calmatters.org/education/k-12-education/2023/10/computer-science-classes/},
   author = {Jones, Carolyn},
   year = {2023},
   title = {A shortage of teachers for computer science classes puts California near the bottom of a national instruction ranking},
}

@misc {Adults,
   url = {https://journals-sagepub-com.oxy.idm.oclc.org/doi/10.1177/0733464815609440},
   author = {Tsai, Hsin-yi Sandy, et al.},
   year = {2016},
   title = {Social Support and “Playing Around”: An Examination of How Older Adults Acquire Digital Literacy With Tablet Computers},
}

@misc {GirlsinTech,
   author = {Happe, Lucia, et al.},
   url = {https://link-springer-com.oxy.idm.oclc.org/article/10.1007/s10639-020-10379-x},
    year = {2020},
   title = {Effective measures to foster girls’ interest in secondary computer science education},
}

@misc {Datasheets,
   year = {2021},
   title = {Datasheets for Datasets},
   author = {Gebra, Timnit, et al},
}

@misc {Maintenance,
   url = {https://ieeexplore.ieee.org/abstract/document/4404782},
   year = {2007},
   title = {A Formal Approach to Website Maintenance},
   author = {Duan, Lihua},
}

@misc {Feedback,
   url = {https://bera-journals.onlinelibrary.wiley.com/doi/full/10.1111/j.1467-8535.2007.00753.x},
   year = {2008},
   title = {A comparison of electronic and paper-based assignment submission and feedback},
   author = {Bridge, Pete},
}

